{
  "leader": "05134cas a2200853 i 4500",
  "fields": [
    {
      "001": "ocm01638942\\"
    },
    {
      "003": "OCoLC"
    },
    {
      "005": "20220713084701.0"
    },
    {
      "008": "750920c19139999pauqx\\p\\\\\\b\\\\\\0\\\\\\a0eng\\\\"
    },
    {
      "010": {
        "ind1": "\\",
        "ind2": "\\",
        "subfields": [
          {
            "a": "   14020981 "
          },
          {
            "z": "sn 90037169 "
          }
        ]
      }
    },
    {
      "040": {
        "ind1": "\\",
        "ind2": "\\",
        "subfields": [
          {
            "a": "DLC"
          },
          {
            "b": "eng"
          },
          {
            "c": "MUL"
          },
          {
            "d": "YUS"
          },
          {
            "d": "NSD"
          },
          {
            "d": "DLC"
          },
          {
            "d": "SER"
          },
          {
            "d": "RCS"
          },
          {
            "d": "AIP"
          },
          {
            "d": "NSD"
          },
          {
            "d": "AIP"
          },
          {
            "d": "IUL"
          },
          {
            "d": "NST"
          },
          {
            "d": "CAS"
          },
          {
            "d": "WAU"
          },
          {
            "d": "NSD"
          },
          {
            "d": "AGL"
          },
          {
            "d": "NST"
          },
          {
            "d": "IUL"
          },
          {
            "d": "DLC"
          },
          {
            "d": "HLS"
          },
          {
            "d": "OCL"
          },
          {
            "d": "MYG"
          },
          {
            "d": "OCLCQ"
          },
          {
            "d": "MYG"
          },
          {
            "d": "OCLCQ"
          },
          {
            "d": "NLM"
          },
          {
            "d": "OCLCQ"
          },
          {
            "d": "NSD"
          },
          {
            "d": "TXA"
          },
          {
            "d": "OCLCQ"
          },
          {
            "d": "DLC"
          },
          {
            "d": "NLM"
          },
          {
            "d": "OCLCQ"
          },
          {
            "d": "LVB"
          },
          {
            "d": "OCLCG"
          },
          {
            "d": "CIT"
          },
          {
            "d": "IBV"
          },
          {
            "d": "NLGGC"
          },
          {
            "d": "DLH"
          },
          {
            "d": "JPG"
          },
          {
            "d": "AMAZN"
          },
          {
            "d": "OCLCQ"
          },
          {
            "d": "DLC"
          },
          {
            "d": "BUF"
          },
          {
            "d": "UKMGB"
          },
          {
            "d": "IUL"
          },
          {
            "d": "OCLCF"
          },
          {
            "d": "OCLCO"
          },
          {
            "d": "P4I"
          },
          {
            "d": "OCLCO"
          },
          {
            "d": "DLC"
          },
          {
            "d": "EUW"
          },
          {
            "d": "OCLCO"
          },
          {
            "d": "OCLCQ"
          },
          {
            "d": "OCLCO"
          },
          {
            "d": "AU@"
          },
          {
            "d": "JG0"
          },
          {
            "d": "MNS"
          },
          {
            "d": "OCLCO"
          },
          {
            "d": "OCLCQ"
          },
          {
            "d": "DDO"
          },
          {
            "d": "IUL"
          },
          {
            "d": "OCLCA"
          },
          {
            "d": "OCLCQ"
          },
          {
            "d": "OCL"
          },
          {
            "d": "J9U"
          },
          {
            "d": "OCLCO"
          }
        ]
      }
    },
    {
      "012": {
        "ind1": "\\",
        "ind2": "\\",
        "subfields": [
          {
            "a": "3"
          },
          {
            "b": "3"
          },
          {
            "e": "s"
          },
          {
            "k": "1"
          },
          {
            "m": "1"
          }
        ]
      }
    },
    {
      "016": {
        "ind1": "7",
        "ind2": "\\",
        "subfields": [
          {
            "a": "2985182R"
          },
          {
            "2": "DNLM"
          }
        ]
      }
    },
    {
      "016": {
        "ind1": "7",
        "ind2": "\\",
        "subfields": [
          {
            "a": "I39880000"
          },
          {
            "2": "DNLM"
          }
        ]
      }
    },
    {
      "016": {
        "ind1": "7",
        "ind2": "\\",
        "subfields": [
          {
            "a": "010477991"
          },
          {
            "2": "Uk"
          }
        ]
      }
    },
    {
      "019": {
        "ind1": "\\",
        "ind2": "\\",
        "subfields": [
          {
            "a": "51394725"
          },
          {
            "a": "70148341"
          },
          {
            "a": "185061101"
          },
          {
            "a": "223700814"
          },
          {
            "a": "971342872"
          },
          {
            "a": "978911036"
          },
          {
            "a": "1064998732"
          },
          {
            "a": "1080703820"
          },
          {
            "a": "1167548107"
          },
          {
            "a": "1200993346"
          },
          {
            "a": "1201582625"
          },
          {
            "a": "1201598217"
          },
          {
            "a": "1201606492"
          },
          {
            "a": "1201805315"
          },
          {
            "a": "1201838035"
          },
          {
            "a": "1201886216"
          },
          {
            "a": "1201899128"
          },
          {
            "a": "1203018725"
          },
          {
            "a": "1242780364"
          },
          {
            "a": "1246529816"
          }
        ]
      }
    },
    {
      "022": {
        "ind1": "0",
        "ind2": "\\",
        "subfields": [
          {
            "a": "0021-1753"
          },
          {
            "l": "0021-1753"
          },
          {
            "2": "1"
          }
        ]
      }
    },
    {
      "030": {
        "ind1": "\\",
        "ind2": "\\",
        "subfields": [
          {
            "a": "ISISA4"
          }
        ]
      }
    },
    {
      "032": {
        "ind1": "\\",
        "ind2": "\\",
        "subfields": [
          {
            "a": "889940"
          },
          {
            "b": "USPS"
          }
        ]
      }
    },
    {
      "035": {
        "ind1": "\\",
        "ind2": "\\",
        "subfields": [
          {
            "a": "(OCoLC)1638942"
          },
          {
            "z": "(OCoLC)51394725"
          },
          {
            "z": "(OCoLC)70148341"
          },
          {
            "z": "(OCoLC)185061101"
          },
          {
            "z": "(OCoLC)223700814"
          },
          {
            "z": "(OCoLC)971342872"
          },
          {
            "z": "(OCoLC)978911036"
          },
          {
            "z": "(OCoLC)1064998732"
          },
          {
            "z": "(OCoLC)1080703820"
          },
          {
            "z": "(OCoLC)1167548107"
          },
          {
            "z": "(OCoLC)1200993346"
          },
          {
            "z": "(OCoLC)1201582625"
          },
          {
            "z": "(OCoLC)1201598217"
          },
          {
            "z": "(OCoLC)1201606492"
          },
          {
            "z": "(OCoLC)1201805315"
          },
          {
            "z": "(OCoLC)1201838035"
          },
          {
            "z": "(OCoLC)1201886216"
          },
          {
            "z": "(OCoLC)1201899128"
          },
          {
            "z": "(OCoLC)1203018725"
          },
          {
            "z": "(OCoLC)1242780364"
          },
          {
            "z": "(OCoLC)1246529816"
          }
        ]
      }
    },
    {
      "042": {
        "ind1": "\\",
        "ind2": "\\",
        "subfields": [
          {
            "a": "nsdp"
          },
          {
            "a": "pcc"
          }
        ]
      }
    },
    {
      "050": {
        "ind1": "0",
        "ind2": "0",
        "subfields": [
          {
            "a": "Q1"
          },
          {
            "b": ".I7"
          }
        ]
      }
    },
    {
      "060": {
        "ind1": "0",
        "ind2": "0",
        "subfields": [
          {
            "a": "W1"
          },
          {
            "b": "IS409"
          }
        ]
      }
    },
    {
      "060": {
        "ind1": "0",
        "ind2": "0",
        "subfields": [
          {
            "a": "Film S02939"
          }
        ]
      }
    },
    {
      "070": {
        "ind1": "0",
        "ind2": "\\",
        "subfields": [
          {
            "a": "475"
          },
          {
            "b": "Is3"
          }
        ]
      }
    },
    {
      "082": {
        "ind1": "0",
        "ind2": "4",
        "subfields": [
          {
            "a": "509"
          },
          {
            "b": "ISI"
          }
        ]
      }
    },
    {
      "130": {
        "ind1": "0",
        "ind2": "\\",
        "subfields": [
          {
            "a": "Isis (Chicago, Ill.)"
          }
        ]
      }
    },
    {
      "210": {
        "ind1": "0",
        "ind2": "\\",
        "subfields": [
          {
            "a": "Isis"
          },
          {
            "b": "(Chic. Ill.)"
          }
        ]
      }
    },
    {
      "222": {
        "ind1": "\\",
        "ind2": "0",
        "subfields": [
          {
            "a": "Isis"
          },
          {
            "b": "(Chicago, Ill.)"
          }
        ]
      }
    },
    {
      "245": {
        "ind1": "1",
        "ind2": "0",
        "subfields": [
          {
            "a": "Isis."
          }
        ]
      }
    },
    {
      "260": {
        "ind1": "\\",
        "ind2": "\\",
        "subfields": [
          {
            "a": "Chicago :"
          },
          {
            "b": "University of Chicago Press for the History of Science Society."
          },
          {
            "c": "1913-"
          }
        ]
      }
    },
    {
      "300": {
        "ind1": "\\",
        "ind2": "\\",
        "subfields": [
          {
            "a": "volumes :"
          },
          {
            "b": "illustrations, portraits, facsimiles ;"
          },
          {
            "c": "25-27 cm"
          }
        ]
      }
    },
    {
      "310": {
        "ind1": "\\",
        "ind2": "\\",
        "subfields": [
          {
            "a": "Five no. a year,"
          },
          {
            "b": "<Mar. 1975->"
          }
        ]
      }
    },
    {
      "321": {
        "ind1": "\\",
        "ind2": "\\",
        "subfields": [
          {
            "a": "Quarterly (irregular),"
          },
          {
            "b": "1913-"
          }
        ]
      }
    },
    {
      "336": {
        "ind1": "\\",
        "ind2": "\\",
        "subfields": [
          {
            "a": "text"
          },
          {
            "b": "txt"
          },
          {
            "2": "rdacontent"
          }
        ]
      }
    },
    {
      "337": {
        "ind1": "\\",
        "ind2": "\\",
        "subfields": [
          {
            "a": "unmediated"
          },
          {
            "b": "n"
          },
          {
            "2": "rdamedia"
          }
        ]
      }
    },
    {
      "338": {
        "ind1": "\\",
        "ind2": "\\",
        "subfields": [
          {
            "a": "volume"
          },
          {
            "b": "nc"
          },
          {
            "2": "rdacarrier"
          }
        ]
      }
    },
    {
      "362": {
        "ind1": "0",
        "ind2": "\\",
        "subfields": [
          {
            "a": "v. 1- (no. 1- ); Mar. 1913-"
          }
        ]
      }
    },
    {
      "500": {
        "ind1": "\\",
        "ind2": "\\",
        "subfields": [
          {
            "a": "Last issue of each year is an annual bibliography with title: Critical bibliography of the history and philosophy of science and of the history of civilization, 1913- ; Critical bibliography, -1988; and: Isis current bibliography of the history of science and its cultural influences, 1989-"
          }
        ]
      }
    },
    {
      "500": {
        "ind1": "\\",
        "ind2": "\\",
        "subfields": [
          {
            "a": "Brief table of contents of v. 1-20, in v. 21, p. [502]-618."
          }
        ]
      }
    },
    {
      "500": {
        "ind1": "\\",
        "ind2": "\\",
        "subfields": [
          {
            "a": "Founded and for many years edited by G. Sarton."
          }
        ]
      }
    },
    {
      "510": {
        "ind1": "2",
        "ind2": "\\",
        "subfields": [
          {
            "a": "Chemical abstracts"
          },
          {
            "x": "0009-2258"
          },
          {
            "b": "-1988"
          }
        ]
      }
    },
    {
      "515": {
        "ind1": "\\",
        "ind2": "\\",
        "subfields": [
          {
            "a": "Vol. 2, no. 1- called also: no. 5- with subsequent issues carrying whole number, vol. and part, or both; publication suspended July 1914-Aug. 1919; v. 32, no. 1 (scheduled for July 1940) published Jan. 1947."
          }
        ]
      }
    },
    {
      "530": {
        "ind1": "\\",
        "ind2": "\\",
        "subfields": [
          {
            "a": "Scanned images of back issues in GIF, PDF, and PostScript available to subscribers of JSTOR via the World Wide Web; current issues in HTML, PDF, and PostScript available to subscribers of University of Chicago Press."
          }
        ]
      }
    },
    {
      "550": {
        "ind1": "\\",
        "ind2": "\\",
        "subfields": [
          {
            "a": "Organ of the History of Science Society, 1924- ; and of: the International Committee of the History of Science, Sept. 1929-Sept. 1934; called: International Academy of the History of Science, Jan. 1935-Apr. 1940."
          }
        ]
      }
    },
    {
      "555": {
        "ind1": "\\",
        "ind2": "\\",
        "subfields": [
          {
            "a": "Beginning with v. 3 and continuing through v. 30, every third volume contains an author index for itself and the two preceding vols."
          }
        ]
      }
    },
    {
      "588": {
        "ind1": "1",
        "ind2": "\\",
        "subfields": [
          {
            "a": "Volume 90, supplement (1999)"
          }
        ]
      }
    },
    {
      "650": {
        "ind1": "\\",
        "ind2": "0",
        "subfields": [
          {
            "a": "Science"
          },
          {
            "x": "History"
          },
          {
            "v": "Periodicals."
          }
        ]
      }
    },
    {
      "650": {
        "ind1": "\\",
        "ind2": "0",
        "subfields": [
          {
            "a": "Science"
          },
          {
            "x": "History"
          },
          {
            "v": "Bibliography"
          },
          {
            "v": "Periodicals."
          }
        ]
      }
    },
    {
      "650": {
        "ind1": "\\",
        "ind2": "7",
        "subfields": [
          {
            "a": "Science."
          },
          {
            "2": "fast"
          },
          {
            "0": "(OCoLC)fst01108176"
          }
        ]
      }
    },
    {
      "650": {
        "ind1": "1",
        "ind2": "2",
        "subfields": [
          {
            "a": "History of Medicine"
          }
        ]
      }
    },
    {
      "650": {
        "ind1": "2",
        "ind2": "2",
        "subfields": [
          {
            "a": "Science"
          }
        ]
      }
    },
    {
      "650": {
        "ind1": "2",
        "ind2": "2",
        "subfields": [
          {
            "a": "Science"
          },
          {
            "x": "history"
          }
        ]
      }
    },
    {
      "655": {
        "ind1": "\\",
        "ind2": "7",
        "subfields": [
          {
            "a": "Bibliographies."
          },
          {
            "2": "fast"
          },
          {
            "0": "(OCoLC)fst01919895"
          }
        ]
      }
    },
    {
      "655": {
        "ind1": "\\",
        "ind2": "7",
        "subfields": [
          {
            "a": "History."
          },
          {
            "2": "fast"
          },
          {
            "0": "(OCoLC)fst01411628"
          }
        ]
      }
    },
    {
      "655": {
        "ind1": "\\",
        "ind2": "7",
        "subfields": [
          {
            "a": "Periodicals."
          },
          {
            "2": "fast"
          },
          {
            "0": "(OCoLC)fst01411641"
          }
        ]
      }
    },
    {
      "655": {
        "ind1": "\\",
        "ind2": "7",
        "subfields": [
          {
            "a": "Electronic journals."
          },
          {
            "2": "lcgft"
          }
        ]
      }
    },
    {
      "655": {
        "ind1": "\\",
        "ind2": "2",
        "subfields": [
          {
            "a": "Bibliography"
          }
        ]
      }
    },
    {
      "655": {
        "ind1": "\\",
        "ind2": "2",
        "subfields": [
          {
            "a": "Periodical"
          }
        ]
      }
    },
    {
      "700": {
        "ind1": "1",
        "ind2": "\\",
        "subfields": [
          {
            "a": "Sarton, George,"
          },
          {
            "d": "1884-1956,"
          },
          {
            "e": "editor."
          }
        ]
      }
    },
    {
      "710": {
        "ind1": "2",
        "ind2": "\\",
        "subfields": [
          {
            "a": "History of Science Society."
          }
        ]
      }
    },
    {
      "710": {
        "ind1": "2",
        "ind2": "\\",
        "subfields": [
          {
            "a": "Acade\u0301mie internationale d'histoire des sciences."
          }
        ]
      }
    },
    {
      "740": {
        "ind1": "0",
        "ind2": "2",
        "subfields": [
          {
            "a": "Critical bibliography of the history and philosophy of science and of the history of civilization."
          }
        ]
      }
    },
    {
      "740": {
        "ind1": "0",
        "ind2": "2",
        "subfields": [
          {
            "a": "Critical bibliography."
          }
        ]
      }
    },
    {
      "740": {
        "ind1": "0",
        "ind2": "2",
        "subfields": [
          {
            "a": "Isis current bibliography of the history of science and its cultural influences."
          }
        ]
      }
    },
    {
      "770": {
        "ind1": "0",
        "ind2": "\\",
        "subfields": [
          {
            "t": "Guide to the history of science"
          },
          {
            "x": "1077-257X"
          },
          {
            "w": "(DLC)   94649772"
          },
          {
            "w": "(OCoLC)7449067"
          }
        ]
      }
    },
    {
      "776": {
        "ind1": "0",
        "ind2": "8",
        "subfields": [
          {
            "t": "Isis (Chicago, Ill. : Online)"
          },
          {
            "x": "1545-6994"
          },
          {
            "w": "(DLC)  2003213734"
          },
          {
            "w": "(OCoLC)50245479"
          }
        ]
      }
    },
    {
      "785": {
        "ind1": "1",
        "ind2": "1",
        "subfields": [
          {
            "t": "Isis current bibliography of the history of science and its cultural influences"
          },
          {
            "w": "(DLC)  2006205044"
          },
          {
            "w": "(OCoLC)21191628"
          }
        ]
      }
    },
    {
      "856": {
        "ind1": "4",
        "ind2": "1",
        "subfields": [
          {
            "u": "http://www.journals.uchicago.edu/Isis/journal/index.html"
          }
        ]
      }
    },
    {
      "856": {
        "ind1": "4",
        "ind2": "1",
        "subfields": [
          {
            "u": "http://www.jstor.org/journals/00211753.html"
          }
        ]
      }
    },
    {
      "856": {
        "ind1": "4",
        "ind2": "1",
        "subfields": [
          {
            "u": "http://www.journals.uchicago.edu/Isis/home.html"
          }
        ]
      }
    },
    {
      "994": {
        "ind1": "\\",
        "ind2": "\\",
        "subfields": [
          {
            "a": "Z0"
          },
          {
            "b": "NYRVC"
          }
        ]
      }
    },
    {
      "948": {
        "ind1": "\\",
        "ind2": "\\",
        "subfields": [
          {
            "h": "NO HOLDINGS IN NYRVC - 601 OTHER HOLDINGS"
          }
        ]
      }
    },
    {
      "999": {
        "ind1": "\\",
        "ind2": "\\",
        "subfields": [
          {
            "a": "00000000019569"
          },
          {
            "b": "Volume 90, supplement"
          }
        ]
      }
    }
  ]
}